@article{gaglio2017dc4cd,
  title={DC4CD: a platform for distributed computing on constrained devices},
  author={Gaglio, Salvatore and Re, Giuseppe Lo and Martorella, Gloria and Peri, Daniele},
  journal={ACM Transactions on Embedded Computing Systems (TECS)},
  volume={17},
  number={1},
  pages={1--25},
  year={2017},
  publisher={ACM New York, NY, USA}
}

@article{libes1991expect,
	title={expect: Scripts for controlling interactive processes},
	author={Libes, Don},
	journal={Computing Systems},
	volume={4},
	number={2},
	pages={99--125},
	year={1991},
	publisher={Citeseer}
}

@inproceedings{libes1990expect,
	title={expect: Curing Those Uncontrollable Fits of Interaction.},
	author={Libes, Don},
	booktitle={USENIX Summer},
	pages={183--192},
	year={1990}
}