@article{gaglio2017dc4cd,
  title={{DC4CD}: a platform for distributed computing on constrained devices},
  author={Gaglio, Salvatore and Re, Giuseppe Lo and Martorella, Gloria and Peri, Daniele},
  journal={ACM Transactions on Embedded Computing Systems (TECS)},
  volume={17},
  number={1},
  pages={1--25},
  year={2017},
  publisher={ACM New York, NY, USA}
}

@article{libes1991expect,
	title={expect: Scripts for controlling interactive processes},
	author={Libes, Don},
	journal={Computing Systems},
	volume={4},
	number={2},
	pages={99--125},
	year={1991},
	publisher={Citeseer}
}

@inproceedings{libes1990expect,
	title={expect: Curing Those Uncontrollable Fits of Interaction.},
	author={Libes, Don},
	booktitle={USENIX Summer},
	pages={183--192},
	year={1990}
}


@INPROCEEDINGS{tandale2017empirical,
	author={U. {Tandale} and B. {Momin} and D. P. {Seetharam}},
	booktitle={2017 International Conference on Energy, Communication, Data Analytics and Soft Computing (ICECDS)}, 
	title={An empirical study of application layer protocols for IoT}, 
	year={2017},
	volume={},
	number={},
	pages={2447-2451},}

@misc{narten1998neighbor,
	title={Neighbor discovery for IP version 6 (IPv6)},
	author={Narten, Thomas and Nordmark, Erik and Simpson, William and Soliman, Hesham},
	year={1998},
	publisher={RFC 2461, December}
}

@inproceedings{kandhalu2010u,
	title={U-connect: a low-latency energy-efficient asynchronous neighbor discovery protocol},
	author={Kandhalu, Arvind and Lakshmanan, Karthik and Rajkumar, Ragunathan},
	booktitle={Proceedings of the 9th ACM/IEEE international conference on information processing in sensor networks},
	pages={350--361},
	year={2010}
}

@article{alsa2012secure,
	title={Secure neighbor discovery: Review, challenges, perspectives, and recommendations},
	author={Alsa'deh, Ahmad and Meinel, Christoph},
	journal={IEEE Security \& Privacy},
	volume={10},
	number={4},
	pages={26--34},
	year={2012},
	publisher={IEEE}
}

 @misc{time1linux, 
 	url={https://linux.die.net/man/1/time}, 
 	title={time(1) - Linux man page}}
 
 @article{shelby2014constrained,
 	title={The constrained application protocol (CoAP)},
 	author={Shelby, Zach and Hartke, Klaus and Bormann, Carsten},
 	year={2014}
 }

@book{fielding2000architectural,
	title={Architectural styles and the design of network-based software architectures},
	author={Fielding, Roy T and Taylor, Richard N},
	volume={7},
	year={2000},
	publisher={University of California, Irvine Irvine}
}

@article{banks2019mqtt,
	title={MQTT Version 5.0},
	author={Banks, A and Briggs, E and Borgendale, K and Gupta, R},
	journal={OASIS Standard},
	year={2019}
}