@techreport{josefsson2006base16,
	title={The base16, base32, and base64 data encodings},
	author={Josefsson, Simon and others},
	year={2006},
	institution={RFC 4648, October}
}

@INPROCEEDINGS{gaglio19interoperable,
	author={S. {Gaglio} and G. {Lo Re} and L. {Giuliana} and G.
	{Martorella} and D. {Peri} and A. {Montalto}},
	booktitle={2019 IEEE International Conference on Smart Computing (SMARTCOMP)},
	title={Interoperable Real-Time Symbolic Programming for Smart Environments},
	year={2019},
	volume={},
	number={},
	pages={309-316},
	keywords={Internet;Internet of Things;open systems;program
	compilers;resource allocation;source code (software);symbol
	manipulation;telemetry;transport protocols;visual languages;pervasive
	applications;visual paradigms;application description code;executable
	program;source code generation;online debugging;programming
	environments;on-line programming;resource-constrained
	devices;real-time exchange;executable symbolic code;application
	domain;formal languages;heterogeneous networks;hardware
	devices;Internet of things deployments;symbolic transmission control
	protocol client;message queue telemetry transport client;interoperable
	real-time symbolic programming;Programming;Hardware;Smart
	devices;Real-time systems;Engines;Protocols;Sensors;Symbolic
	processing, Knowledge base, Executable code exchange, Forth, MQTT,
	Resource-constrained devices},
	doi={10.1109/SMARTCOMP.2019.00067},
	ISSN={},
	month={June},}

@article{gaglio2017dc4cd,
  title={{DC4CD}: a platform for distributed computing on constrained devices},
  author={Gaglio, Salvatore and Re, Giuseppe Lo and Martorella, Gloria and Peri, Daniele},
  journal={ACM Transactions on Embedded Computing Systems (TECS)},
  volume={17},
  number={1},
  pages={1--25},
  year={2017},
  publisher={ACM New York, NY, USA}
}

@book{brodie2004thinking,
  title={Thinking Forth},
  author={Brodie, Leo},
  year={2004},
  publisher={Punchy Pub}
}

@article{libes1991expect,
	title={expect: Scripts for controlling interactive processes},
	author={Libes, Don},
	journal={Computing Systems},
	volume={4},
	number={2},
	pages={99--125},
	year={1991},
	publisher={Citeseer}
}

@inproceedings{libes1990expect,
	title={expect: Curing Those Uncontrollable Fits of Interaction.},
	author={Libes, Don},
	booktitle={USENIX Summer},
	pages={183--192},
	year={1990}
}

@book{libes1995exploring,
	title={Exploring Expect: A Tcl-based toolkit for automating interactive programs},
	author={Libes, Don},
	year={1995},
	publisher={" O'Reilly Media, Inc."}
}

@book{nadkarni2017tcl,
	title={The Tcl Programming Language: A Comprehensive Guide},
	author={Nadkarni, Ashok P},
	year={2017},
	publisher={CreateSpace Independent Publishing Platform}
}

@INPROCEEDINGS{tandale2017empirical,
	author={U. {Tandale} and B. {Momin} and D. P. {Seetharam}},
	booktitle={2017 International Conference on Energy, Communication, Data Analytics and Soft Computing (ICECDS)}, 
	title={An empirical study of application layer protocols for IoT}, 
	year={2017},
	volume={},
	number={},
	pages={2447-2451},}

@misc{narten1998neighbor,
	title={Neighbor discovery for IP version 6 (IPv6)},
	author={Narten, Thomas and Nordmark, Erik and Simpson, William and Soliman, Hesham},
	year={1998},
	publisher={RFC 2461, December}
}

@inproceedings{kandhalu2010u,
	title={U-connect: a low-latency energy-efficient asynchronous neighbor discovery protocol},
	author={Kandhalu, Arvind and Lakshmanan, Karthik and Rajkumar, Ragunathan},
	booktitle={Proceedings of the 9th ACM/IEEE international conference on information processing in sensor networks},
	pages={350--361},
	year={2010}
}

@article{alsa2012secure,
	title={Secure neighbor discovery: Review, challenges, perspectives, and recommendations},
	author={Alsa'deh, Ahmad and Meinel, Christoph},
	journal={IEEE Security \& Privacy},
	volume={10},
	number={4},
	pages={26--34},
	year={2012},
	publisher={IEEE}
}

 @misc{time1linux, 
 	url={https://linux.die.net/man/1/time}, 
 	title={time(1) - Linux man page}}
 
 @article{shelby2014constrained,
 	title={The constrained application protocol (CoAP)},
 	author={Shelby, Zach and Hartke, Klaus and Bormann, Carsten},
 	year={2014}
 }

@book{fielding2000architectural,
	title={Architectural styles and the design of network-based software architectures},
	author={Fielding, Roy T and Taylor, Richard N},
	volume={7},
	year={2000},
	publisher={University of California, Irvine Irvine}
}

@article{banks2019mqtt,
	title={MQTT Version 5.0},
	author={Banks, A and Briggs, E and Borgendale, K and Gupta, R},
	journal={OASIS Standard},
	year={2019}
}

@book{levine2009flex,
	title={Flex \& Bison: Text Processing Tools},
	author={Levine, John},
	year={2009},
	publisher={" O'Reilly Media, Inc."}
}

@article{dijkstra1968letters,
	title={Letters to the editor: go to statement considered harmful},
	author={Dijkstra, Edsger W},
	journal={Communications of the ACM},
	volume={11},
	number={3},
	pages={147--148},
	year={1968},
	publisher={ACM New York, NY, USA}
}

@misc{hall2001beej,
	title={Beejâ€™s guide to network programming: using Internet Sockets},
	author={Hall, Brain Beej},
	year={2001}
}